<record><leader>00000cas a22000007a 4500</leader><controlfield tag="001">8776543</controlfield><controlfield tag="008">820915d18291831iluwr ne      0   a0eng  </controlfield><datafield ind1=" " ind2=" " tag="010"><subfield code="a">sn 82014294 </subfield></datafield><datafield ind1=" " ind2=" " tag="040"><subfield code="a">DLC</subfield><subfield code="b">eng</subfield><subfield code="c">DLC</subfield><subfield code="d">NPX</subfield><subfield code="d">DLC</subfield><subfield code="d">OCLCQ</subfield></datafield><datafield ind1=" " ind2=" " tag="042"><subfield code="a">msc</subfield></datafield><datafield ind1="0" ind2="0" tag="050"><subfield code="a">Newspaper 7574-X</subfield></datafield><datafield ind1="0" ind2="4" tag="245"><subfield code="a">The Pioneer of the valley of the Mississippi.</subfield></datafield><datafield ind1="1" ind2="3" tag="246"><subfield code="a">Pioneer</subfield></datafield><datafield ind1=" " ind2=" " tag="260"><subfield code="a">Rock-Spring, Ill. :</subfield><subfield code="b">Thomas P. Green</subfield></datafield><datafield ind1=" " ind2=" " tag="300"><subfield code="a">v. ;</subfield><subfield code="c">52 cm.</subfield></datafield><datafield ind1=" " ind2=" " tag="310"><subfield code="a">Weekly</subfield></datafield><datafield ind1="1" ind2=" " tag="362"><subfield code="a">Began with Apr. 25, 1829 issue; ceased in 1831.</subfield></datafield><datafield ind1=" " ind2=" " tag="500"><subfield code="a">Recorded in reference source as: Pioneer. Cf. James, E.J. bibliography of newspapers published in Ill. prior to 1860.</subfield></datafield><datafield ind1=" " ind2=" " tag="500"><subfield code="a">Publishers: John M. Peck, 1829-1830; Ashford Smith, 1830-1831.</subfield></datafield><datafield ind1=" " ind2=" " tag="500"><subfield code="a">Editor: John M. Peck.</subfield></datafield><datafield ind1=" " ind2=" " tag="588"><subfield code="a">Description based on: Vol. 1, no. 12 (July 10, 1829).</subfield></datafield><datafield ind1=" " ind2=" " tag="752"><subfield code="a">United States</subfield><subfield code="b">Illinois</subfield><subfield code="c">Saint Clair</subfield><subfield code="d">Rock Spring.</subfield></datafield><datafield ind1="0" ind2="0" tag="785"><subfield code="t">Pioneer and western Baptist</subfield></datafield><datafield ind1="1" ind2=" " tag="029"><subfield code="a">AU@</subfield><subfield code="b">000025815961</subfield></datafield></record>